@article{pagel2007frequency,
  title={Frequency of word-use predicts rates of lexical evolution throughout Indo-European history},
  author={Pagel, Mark and Atkinson, Quentin D and Meade, Andrew},
  journal={Nature},
  volume={449},
  number={7163},
  pages={717},
  year={2007},
  publisher={Nature Publishing Group}
}

@Article{effects,
    title = {Effect Displays in {R} for Multinomial and Proportional-Odds Logit Models: Extensions to the {effects} Package},
    author = {John Fox and Jangman Hong},
    journal = {Journal of Statistical Software},
    year = {2009},
    volume = {32},
    number = {1},
    pages = {1--24},
    url = {http://www.jstatsoft.org/v32/i01/},
  }

@Manual{sjplot,
    title = {sjPlot: Data Visualization for Statistics in Social Science},
    author = {Daniel Lüdecke},
    year = {2018},
    note = {R package version 2.4.1},
    url = {https://CRAN.R-project.org/package=sjPlot},
  }

@article{bates2015parsimonious,
  title={Parsimonious mixed models},
  author={Bates, Douglas and Kliegl, Reinhold and Vasishth, Shravan and Baayen, Harald},
  journal={arXiv preprint arXiv:1506.04967},
  year={2015}
}

@article{barr2013random,
  title={Random effects structure for testing interactions in linear mixed-effects models},
  author={Barr, Dale J},
  journal={Frontiers in psychology},
  volume={4},
  pages={328},
  year={2013},
  publisher={Frontiers}
}

@Manual{R,
    title = {R: A Language and Environment for Statistical Computing},
    author = {{R Core Team}},
    organization = {R Foundation for Statistical Computing},
    address = {Vienna, Austria},
    year = {2018},
    url = {https://www.R-project.org/},
  }

@article{lme4,
  title={lme4: Linear mixed-effects models using Eigen and S4},
  author={Bates, Douglas and Maechler, Martin and Bolker, Ben and Walker, Steven and others},
  journal={R package version},
  volume={1},
  number={7},
  pages={1--23},
  year={2014}
}

@article{bouckaert_mapping_2012,
	title = {Mapping the {Origins} and {Expansion} of the {Indo}-{European} {Language} {Family}},
	volume = {337},
	copyright = {Copyright © 2012, American Association for the Advancement of Science},
	issn = {0036-8075, 1095-9203},
	url = {http://science.sciencemag.org/content/337/6097/957},
	doi = {10.1126/science.1219669},
	abstract = {There are two competing hypotheses for the origin of the Indo-European language family. The conventional view places the homeland in the Pontic steppes about 6000 years ago. An alternative hypothesis claims that the languages spread from Anatolia with the expansion of farming 8000 to 9500 years ago. We used Bayesian phylogeographic approaches, together with basic vocabulary data from 103 ancient and contemporary Indo-European languages, to explicitly model the expansion of the family and test these hypotheses. We found decisive support for an Anatolian origin over a steppe origin. Both the inferred timing and root location of the Indo-European language trees fit with an agricultural expansion from Anatolia beginning 8000 to 9500 years ago. These results highlight the critical role that phylogeographic inference can play in resolving debates about human prehistory.
Spatial models of language lineage evolution support an Anatolian homeland for Indo-European languages.
Spatial models of language lineage evolution support an Anatolian homeland for Indo-European languages.},
	language = {en},
	number = {6097},
	urldate = {2017-06-15},
	journal = {Science},
	author = {Bouckaert, Remco and Lemey, Philippe and Dunn, Michael and Greenhill, Simon J. and Alekseyenko, Alexander V. and Drummond, Alexei J. and Gray, Russell D. and Suchard, Marc A. and Atkinson, Quentin D.},
	month = aug,
	year = {2012},
	pmid = {22923579},
	pages = {957--960},
	file = {Full Text PDF:/Users/sp16194/Zotero/storage/UPK4SNUR/Bouckaert et al. - 2012 - Mapping the Origins and Expansion of the Indo-Euro.pdf:application/pdf;Snapshot:/Users/sp16194/Zotero/storage/RS4CKT3K/957.html:text/html}
}

@article{pagel_deep_2018,
	title = {The deep history of the number words},
	volume = {373},
	copyright = {© 2017 The Author(s). http://royalsocietypublishing.org/licencePublished by the Royal Society. All rights reserved.},
	issn = {0962-8436, 1471-2970},
	url = {http://rstb.royalsocietypublishing.org/content/373/1740/20160517},
	doi = {10.1098/rstb.2016.0517},
	abstract = {We have previously shown that the ‘low limit’ number words (from one to five) have exceptionally slow rates of lexical replacement when measured across the Indo-European (IE) languages. Here, we replicate this finding within the Bantu and Austronesian language families, and with new data for the IE languages. Number words can remain stable for 10 000 to over 100 000 years, or around 3.5–20 times longer than average rates of lexical replacement among the Swadesh list of ‘fundamental vocabulary’ items. Ordinal evidence suggests that number words also have slow rates of lexical replacement in the Pama–Nyungan language family of Australia. We offer three hypotheses to explain these slow rates of replacement: (i) that the abstract linguistic-symbolic processing of ‘number’ links to evolutionarily conserved brain regions associated with numerosity; (ii) that number words are unambiguous and therefore have lower ‘mutation rates’; and (iii) that the number words occupy a region of the phonetic space that is relatively full and therefore resist change because alternatives are unlikely to be as ‘good’ as the original word.
This article is part of a discussion meeting issue ‘The origins of numerical abilities’.},
	language = {en},
	number = {1740},
	urldate = {2018-02-18},
	journal = {Phil. Trans. R. Soc. B},
	author = {Pagel, Mark and Meade, Andrew},
	month = feb,
	year = {2018},
	pmid = {29292363},
	pages = {20160517}
}

@misc{list_lingpy._2018,
	title = {{LingPy}. {A} {Python} library for historical linguistics},
	url = {http://lingpy.org},
	author = {List, Johann-Mattis and Greenhill, Simon J. and Forkel, Robert},
	month = mar,
	year = {2018}
}

% corpora

@article{kilgarriff2014sketch,
  title={The Sketch Engine: ten years on},
  author={Kilgarriff, Adam and Baisa, V{\'\i}t and Bu{\v{s}}ta, Jan and Jakub{\'\i}{\v{c}}ek, Milo{\v{s}} and Kov{\'a}{\v{r}}, Vojt{\v{e}}ch and Michelfeit, Jan and Rychl{\`y}, Pavel and Suchomel, V{\'\i}t},
  journal={Lexicography},
  volume={1},
  number={1},
  pages={7--36},
  year={2014},
  publisher={Springer}
}

@book{buck,
  title={A dictionary of selected synonyms in the principal Indo-European languages},
  author={Buck, Carl Darling},
  year={2008},
  publisher={University of Chicago Press}
}

@article{van2007over,
  title={Over het corpus gesproken nederlands},
  author={Van Eerten, Laura},
  journal={Nederlandse Taalkunde},
  volume={12},
  number={3},
  pages={194--215},
  year={2007}
}

@article{gustafson2006manual,
  title={Manual of the Stockholm Ume{\aa} corpus version 2.0},
  author={Gustafson-Capkov{\'a}, Sofia and Hartmann, Britt},
  journal={Stockholm University},
  year={2006}
}

@article{koeva2010bulgarian,
  title={Bulgarian National Corpus Project},
  author={Koeva, Svetla and Blagoeva, Diana and Kolkovska, Siya},
  journal={Politics},
  volume={207},
  pages={2--2},
  year={2010}
}

@article{kruyt199738,
  title={A 38 million words Dutch text corpus and its users},
  author={Kruyt, MWF and others},
  journal={Lexikos},
  volume={7},
  number={7},
  pages={229--244},
  year={1997},
  publisher={Bureau of the WAT}
}

@article{ek1997czech,
  title={Czech National Corpus: A case in many contexts},
  author={ek {\v{C}}erm{\'a}k, Franti},
  journal={International Journal of Corpus Linguistics},
  volume={2},
  number={2},
  pages={181--197},
  year={1997},
  publisher={John Benjamins Publishing Company}
}

@article{benevsova2013oral2013,
  title={ORAL2013: Reprezentativn{\i} korpus neform{\'a}ln{\i} mluven{\'e} ce{\v{s}}tiny [ORAL2013: A representative corpus of informal spoken Czech]},
  author={Bene{\v{s}}ov{\'a}, L and Kren, M and Waclawicov{\'a}, M},
  journal={Ustav ˇCesk{\'e}ho n{\'a}rodn{\i}ho korpusu FF UK, Praha},
  year={2013}
}

@inproceedings{przepiorkowski2008towards,
  title={Towards the National Corpus of Polish.},
  author={Przepi{\'o}rkowski, Adam and G{\'o}rski, Rafal L and Lewandowska-Tomaszyk, Barbara and Lazinski, Marek},
  booktitle={LREC},
  year={2008}
}

@inproceedings{przepiorkowski2010recent,
  title={Recent Developments in the National Corpus of Polish.},
  author={Przepi{\'o}rkowski, Adam and G{\'o}rski, Rafal L and Lazinski, Marek and Pezik, Piotr},
  booktitle={LREC},
  year={2010}
}

@article{lyashevskaya2009chastotnyj,
  title={Chastotnyj slovar’sovremennogo russkogo iazyka (na materialakh Natsionalnogo korpusa russkogo iazyka)[Frequency dictionary of modern Russian based on the Russian National Corpus]},
  author={Lyashevskaya, ON and Sharov, SA},
  journal={Moscow: Azbukovnik},
  year={2009}
}

@article{baayen1993celex,
  title={The $\{$CELEX$\}$ lexical data base on $\{$CD-ROM$\}$},
  author={Baayen, R Harald and Piepenbrock, Richard and van H, Rijn},
  year={1993},
  publisher={Linguistic Data Consortium}
}

@article{new2001base,
  title={Une base de donn{\'e}es lexicales du fran{\c{c}}ais contemporain sur internet: LEXIQUE™//A lexical database for contemporary french: LEXIQUE™},
  author={New, Boris and Pallier, Christophe and Ferrand, Ludovic and Matos, Rafael},
  journal={L'ann{\'e}e psychologique},
  volume={101},
  number={3},
  pages={447--462},
  year={2001},
  publisher={Pers{\'e}e-Portail des revues scientifiques en SHS}
}

@article{ulfarsdottir2017lexicography,
  title={The lexicography of Icelandic},
  author={{\'U}lfarsd{\'o}ttir, Th{\'o}rd{\'\i}s and Bjarnad{\'o}ttir, Krist{\'\i}n},
  journal={International Handbook of Modern Lexis and Lexicography},
  pages={1--12},
  year={2017},
  publisher={Springer}
}

@inproceedings{ion2012rombac,
  title={ROMBAC: The Romanian Balanced Annotated Corpus.},
  author={Ion, Radu and Irimia, Elena and Stefanescu, Dan and Tufis, Dan},
  booktitle={LREC},
  pages={339--344},
  year={2012},
  organization={Citeseer}
}

@article{favretti2002coris,
  title={CORIS/CODIS: A corpus of written Italian based on a defined and a dynamic model},
  author={Favretti, R Rossini and Tamburini, Fabio and De Santis, Cristiana},
  journal={A rainbow of corpora: Corpus linguistics and the languages of the world},
  pages={27--38},
  year={2002}
}

@inproceedings{craveiro2012time,
  title={It is the time for portuguese texts!},
  author={Craveiro, Olga and Macedo, Joaquim and Madeira, Henrique},
  booktitle={International Conference on Computational Processing of the Portuguese Language},
  pages={106--112},
  year={2012},
  organization={Springer}
}

@article{moreno2005spanish,
  title={The spanish corpus},
  author={Moreno-Sandoval, Antonio and De la Madrid, Gillermo and Alc{\'a}ntara, Manuel and Gonzalez, Ana and Guirao, Jos{\'e} Maria and De la Torre, Ra{\'u}l},
  journal={C-ORAL-ROM: Integrated Reference Corpora for Spoken Romance Languages, Amsterdam: John Benjamins Publishing Company},
  pages={135--161},
  year={2005}
}

@article{morozova2015albanian,
  title={Albanian National Corpus: Composition, Text Processing and Corpus-Oriented Grammar Development},
  author={Morozova М, Rusakov А},
  journal={Sprache und Kultur der Albaner. Zeitliche und r{\"a}umliche Dimensionen.},
  volume={5},
  pages={270--308},
  year={2015}
}

@article{gelman1992inference,
  title={Inference from iterative simulation using multiple sequences},
  author={Gelman, Andrew and Rubin, Donald B},
  journal={Statistical science},
  pages={457--472},
  year={1992},
  publisher={JSTOR}
}